@book{hcv,
       author = {H. C. Verma},
       year = {2010},
       title = {Concepts of Physics},
       publisher = {Bharti Publications}
     }
@book{box2d,
       author={Erin Catto},
       title={BOX2D Manual},
       year = {2008},
       publisher = {BOX2D}	
     }	
@book{hrk,
       author = {Resnick, Halliday and Krane},
       year = {2010},
       title = {Fundamental of Physics},
       publisher = {Wiley India}
     }
