@MISC{
box2d,
author = {Box2d Manual},
howpublished={\url{http://www.box2d.org/manual.html}}
}

@MISC{box,
author = {Box2d C++ tutorial},
howpublished={\url{http://www.iforce2d.net/b2dtut/}}
}

@MISC{pyscript,
author = {Python Scripts from previous labs}
}
